@article{levy1976one,
  title={One more derivation of the Lorentz transformation},
  author={L{\'e}vy-Leblond, Jean-Marc},
  journal={American Journal of Physics},
  volume={44},
  number={3},
  pages={271--277},
  year={1976},
  publisher={AAPT}
}

@book{sexl2012relativity,
	title={Relativity, groups, particles: special relativity and relativistic symmetry in field and particle physics},
	author={Sexl, Roman U and Urbantke, Helmuth K},
	year={2012},
	publisher={Springer Science \& Business Media}
}


